@article{matplotlib,
title = "Animations using Matplotb",
journal = "http://matplotlib.org/1.4.1/examples/animation/index.html"
}

@article{RLC,
title = "RLC Circuits (with DC sources)",
author = "M.B.Patil"
journal = "https://www.ee.iitb.ac.in/~sequel/ee101/ee101_rlc_1.pdf"
}
